@inproceedings{CousotCousot77-1,
  author =    {Cousot, P{.} and Cousot, R{.}},
  title =     {Abstract interpretation: a unified lattice model for static 
              analysis of programs by construction or approximation of 
              fixpoints},
  pages =     {238--252},
  booktitle = {Conference Record of the Fourth Annual ACM SIGPLAN-SIGACT 
              Symposium on Principles of Programming Languages},
  address =   {Los Angeles, California},
  publisher = {ACM Press, New York, NY},
  year =      1977,
}

@software{Leroy_Coto_2024,
  author = {Leroy, Malo},
  month = jun,
  title = {{Coto}},
  url = {https://github.com/Firefnix/coto/},
  year = {2024}
}